<?xml version="1.0" encoding="UTF-8"?><record xmlns="http://www.loc.gov/MARC21/slim" xmlns:cinclude="http://apache.org/cocoon/include/1.0" xmlns:zs="http://www.loc.gov/zing/srw/">
  <leader>00505nz  a2200145n  4500</leader>
  <controlfield tag="001">n  94120647 </controlfield>
  <controlfield tag="003">DLC</controlfield>
  <controlfield tag="005">19941216115826.7</controlfield>
  <controlfield tag="008">941216n| acannaab|          |n aaa |||  </controlfield>
  <datafield tag="010" ind1=" " ind2=" ">
    <subfield code="a">n  94120647 </subfield>
  </datafield>
  <datafield tag="040" ind1=" " ind2=" ">
    <subfield code="a">DLC</subfield>
    <subfield code="c">DLC</subfield>
  </datafield>
  <datafield tag="100" ind1="1" ind2="0">
    <subfield code="a">Scott, Colin H.</subfield>
    <subfield code="q">(Colin Hartley)</subfield>
  </datafield>
  <datafield tag="667" ind1=" " ind2=" ">
    <subfield code="a">NLC form conflicts with another LC heading</subfield>
  </datafield>
  <datafield tag="670" ind1=" " ind2=" ">
    <subfield code="a">Income security for Cree hunters, 1992:</subfield>
    <subfield code="b">t.p. (Colin H. Scott, Dept. of Anthropology, McGill Univ.)</subfield>
  </datafield>
  <datafield tag="670" ind1=" " ind2=" ">
    <subfield code="a">NLC 06-22-94</subfield>
    <subfield code="b">(Scott, Colin; full name: Scott, Colin Hartley)</subfield>
  </datafield>
</record>